<?xml version="1.0" encoding="UTF-8"?><collection xmlns="http://www.loc.gov/MARC21/slim"><record><leader>00381nam--2200133-i-4500</leader><controlfield tag="001">000001461</controlfield><controlfield tag="002">20161230</controlfield><controlfield tag="005">20161230201024</controlfield><controlfield tag="008">060222s1000------------r-----000-0-eng-d</controlfield><datafield ind1=" " ind2=" " tag="080"><subfield code="a">531.19</subfield></datafield><datafield ind1=" " ind2=" " tag="100"><subfield code="a">Frenkel, J.I</subfield></datafield><datafield ind1=" " ind2=" " tag="245"><subfield code="a">Statistische physik.ubersetzt und in deutscher sprache herausgegeben von h.jancke</subfield></datafield><datafield ind1=" " ind2=" " tag="260"><subfield code="a">Berlin, Akademie Verlag, 1957. Xxii + 783 P</subfield></datafield><datafield ind1=" " ind2=" " tag="852"><subfield code="a">75490</subfield></datafield></record></collection>